
@article{http://redwood.berkeley.edu/bruno/npb261/aliasing.pdf,
title={Aliasing},
author={Bruno A. Olshausen},
  journal={PSC 129 - Sensory Processes},
  pages={1--6},
  year={October 10, 2000},
  publisher={Redwood Center for Theoretical Neuroscience},
  url = {http://redwood.berkeley.edu/bruno/npb261/aliasing.pdf}}

@article{http://acad.carleton.edu/courses/musc108-00-f14/pages/01/01SixBasicPropertiesofSound.html,
title={Unit 1 Reading - Lecture 1},
author={John Ellinger},
  journal={MUSC 108. Introduction to Music Technology - Fall 2014},
  year={Carleton College, September 2014},
  publisher={Carleton College},
  url={http://acad.carleton.edu/courses/musc108-00-f14/pages/01/01SixBasicPropertiesofSound.html},
  note={[skatīts 2017.gada 18.aprīlī]}}

@article{http://computerrelatedinfo.blogspot.com/2012/12/what-is-analog-signal-its-properties.html,
title={WHAT IS ANALOG SIGNAL ITS PROPERTIES ADVANTAGES AND DISADVANTAGES},
author={arsh},
  year={Thursday, 20 December 2012},
  publisher={http://computerrelatedinfo.blogspot.com},
  url = {http://computerrelatedinfo.blogspot.com/2012/12/what-is-analog-signal-its-properties.html},
  note = {[skatīts 2017.gada 21.aprīlī]}}

@article{http://ecomputernotes.com/computernetworkingnotes/communication-networks/analog-signal, title={What is an Analog Signal? Characteristics of Analog Signal.},
  author={Dinesh Thakur},
  publisher={Computer Notes},
  url = {http://ecomputernotes.com/computernetworkingnotes/communication-networks/analog-signal},
  note = {[skatīts 2017.gada 15.aprīlī]}  }

@article{http://www.sengpielaudio.com/calculator-period.htm,
 title={Frequency  formula – Conversion and calculation},
 publisher={Period, cycle duration, periodic time to frequency calculation},
  author={Eberhard Sengpiel},
  publisher={http://www.sengpielaudio.com},
  url = {http://www.sengpielaudio.com/calculator-period.htm},
  note = {[skatīts 2017.gada 19.aprīlī]}}

@article{AnalogandDigitalSignal,
 title={Analog and Digital Signals},
  author={Jason Ng, Jeffrey J. Goldberger},
  series={Partial Signal and Image Processing in Clinical Cardiology, Springer},
  pages={9--15},
  year={2010},
  publisher={Springer},
  note={ ISBM 978-1-84882-514-7},
  url={http://www.springer.com/cda/content/document/cda_downloaddocument/9781848825147-c1.pdf?SGWID=0-0-45-1111551-p173893527}}
  
@article{DiscreteSignal, 
title={Introduction to Signals},
  author={Bhiksha Raj, Nia Bradley},
  journal={Digital Signal Processing for Computer Science},
  year={Spring 2015},
  publisher={http://dsp.cs.cmu.edu},
  url = {http://dsp.cs.cmu.edu/notes/intro_to_signals/signals.html},
  note = {[skatīts 2017.gada 24. aprīlī]}}

@article{DiscreteandDigitalSignals,
title={Discrete and Digital Signals and Systems},
 author={Jason Ng, Jeffrey J. Goldberger},
  journal={Digital Signal Processing An Introduction with MATLAB and Applications, Springer},
  pages={63--127},
  year={2011},
  publisher={Springer},
  note={ ISBM 978-3-642-15590-1},
  url={http://www.springer.com/cda/content/document/cda_downloaddocument/9783642155901-c2.pdf?SGWID=0-0-45-1097448-p174033671}}

@article{frequency,
 title={What is frequency?},
  author={Jeffrey Hass},
  journal={An Acoustics Primer, Center for Electronic and Computer Music, School of Music Indiana University, Bloomington, Indiana},
  year={2003},
  publisher={Center for Electronic and Computer Music, School of Music
Indiana University, Bloomington, Indiana},
url = {http://www.indiana.edu/~emusic/acoustics/frequency.htm},
note = {[skatīts 2017.gada 1.maijā]} }

@article{http://www.digitizationguidelines.gov/term.php?term=samplingrateaudio,
 title={Term: Sampling rate (audio)},
 journal = {Federal Agencies Digital Guidelines Initiative},
  publisher={http://www.digitizationguidelines.gov},
  url = {http://www.digitizationguidelines.gov/term.php?term=samplingrateaudio},
  note = {[skatīts 2017.gada 5.maijā]}}

@article{Sampling,
title={Fourier Transforms and Sampling},
  author={Samantha R Summerson},
  pages={1--4},
  year={19 October, 2009},
  publisher={http://www.ece.rice.edu},
  url = {http://www.ece.rice.edu/~srs1/files/Lec7.pdf}}


@article{http://www.erzetich-audio.com/knowledgebase-05-time-vs-frequency,
title={Time vs Frequecy},
  author={Šempeter pri Gorici},
  year={2016},
  publisher={http://www.erzetich-audio.com/},
  url = {http://www.erzetich-audio.com/knowledgebase-05-time-vs-frequency},
  note = {[skatīts 2017.gada 28.aprīlī]}}

@article{Foure,
title={Fourier and the Sum of Sines},
  author={Phil Burk, Larry Polansky, Douglas Repetto, Marry Roberts, Dan Rockmore},
  journal={Chapter 3 The Frequency Domain},
  year={Spring, 2011},
  publisher={http://cmc.music.columbia.edu},
  url = {http://cmc.music.columbia.edu/MusicAndComputers/chapter3/03_03.php},
  note = {[skatīts 2017.gada 30.aprīlī]}
  }

@article{http://www.thefouriertransform.com/transform/fourier.php,
title={Fourier Transform Properties},
  author={pjbevel},
  journal={The Fourier Transform},
  year={2009-2011},
  publisher={thefouriertransform.com},
  url = {http://www.thefouriertransform.com/transform/fourier.php},
  note = {[skatīts 2017.gada 10.aprīlī]}}

@article{http://www.theparticle.com/cs/bc/mcs/signalnotes.pdf,
title={A Very Basic Introduction To
Time/Frequency Domains},
  author={Alex Beylin},
  journal={CIS 751 - Multimedia Computer Systems, Particle},
  pages={1--5},
  year={March 10, 2004},
  publisher={Particle},
  url = {http://www.theparticle.com/cs/bc/mcs/signalnotes.pdf}
}

@article{FMVoice,
title={Male and female voice characterstics},
  author={Ananya Panja},
  journal={Human Vocal system and properties},
  year={ 29 October 2009 },
  publisher={https://www.projectrhea.org/},
  url = {https://www.projectrhea.org/rhea/index.php/Male_vs._Female_Voice_characterestics},
  note = {[skatīts 2017.gada 16.aprīlī]}
  }

@article{Acoustic,
  title={Machine analysis},
  author={wagner},
  journal={Acoustic},
  pages={1--14},
  publisher={http://www.staff.amu.edu.pl},
  url = {http://www.staff.amu.edu.pl/~wagner/acoustic.pdf},
  note = {[skatīts 2017.gada 23.aprīlī]}
}

@article{http://www.cslu.ogi.edu/tutordemos/SpectrogramReading/spectrogram.html,
  title={What are spectrograms?},
  author={Tim Carmell},
  journal={Spectrogram Reading},
  year={19-MAR-97},
  publisher={http://www.cslu.ogi.edu},
  url = {http://www.cslu.ogi.edu/tutordemos/SpectrogramReading/spectrogram.html}
}

@article{DynamicTimeWrapping,
  title={Dynamic Time Warping},
  author={Muller, M.},
  journal={Information Retrieval for Music and Motion, Springer},
  pages={69--84},
  year={2007},
  publisher={Springer},
  note={ ISBM 978-3-540-74047-6},
  url={http://www.springer.com/cda/content/document/cda_downloaddocument/9783540740476-c1.pdf?SGWID=0-0-45-452103-p173751818}
}

@article{DTWalgoritm,
  title={Dynamic Time Warping},
  author={Roger Jang},
  journal={Data Clustering and Pattern Recognition, Chapter 8: Dynamic Programming},
  publisher={http://mirlab.org},
  url = {http://mirlab.org/jang/books/dcpr/dpDtw.asp?title=8-4%20Dynamic%20Time%20Warping},
  note = {[skatīts 2017.gada 16. aprīlī]}
}

@article{https://www.nde-ed.org/EducationResources/CommunityCollege/EddyCurrents/Procedures/SignalFiltering.htm,
  title={Signal Filtering},
  author={Eddy Current Testing},
  journal={Introduction to Eddy Current Testing, Procedure Issues},
  publisher={www.nde-ed.org},
  url = {https://www.nde-ed.org/EducationResources/CommunityCollege/EddyCurrents/Procedures/SignalFiltering.htm},
  note = {[skatīts 2017.gada 18.aprīlī]}
}

@article{noi1,
  title={Reasons for speech normalization},
  author={David McCarten},
  journal={Comparison of Speech Normalization Techniques, Columbia University},
  pages={1--12},
  year={March 9, 2008},
  publisher={Columbia University},
  url = {https://www.ee.columbia.edu/~dpwe/e6820/proposals/mccarten.pdf}
}

@article{Pacienta-runas-kvalitātes-noteikšanas-automatizētas-sistēmas-izstrāde,
  title={Trokšņa filtrēšana},
  author={Andris Šilinis},
  journal={Pacienta runas kvalitātes noteikšanas automatizētas sistēmas izstrāde},
  volume={1.3},
  number={9},
  pages={1--31},
  year={2016},
  publisher={Ventspils Augstskola}
  }
  
@article{http://www.swarthmore.edu/NatSci/echeeve1/Ref/DataSheet/IntroToFilters.pdf,
  title={A Basic Introduction to
FiltersÐActive, Passive,
and Switched-Capacitor},
  author={Kerry Lacanette},
  journal={National Semiconductor
Application Note 779},
  pages={1--22},
  year={April 1991},
  publisher={http://www.swarthmore.edu},
  url = {http://www.swarthmore.edu/NatSci/echeeve1/Ref/DataSheet/IntroToFilters.pdf}
}

@article{Noises,
  title={Robust Phone Recognition System Using Excitation Source and Vocal Tract Features},
  author={K. Sreenivasa Rao, Manjunath K E},
  journal={Speech Recognition Using Articulatory and Excitation Source Features},
  volume={4.5},
  number={56},
  pages={1--91},
  year = {2017},
  publisher={Springer},
  url = {https://books.google.lv}
}

@article{http://www.ti.com/lit/an/snoa224a/snoa224a.pdf,
  title={A Basic Introduction to Filters - Active, Passive,and
Switched Capacitor},
  author={Kerry Lacanette},
  journal={National Semiconductor
Application Note 779, Texas Instruments Incorporated},
  pages={1--24},
  year={April 21, 2010},
  publisher={Texas Instruments Incorporated},
  url = {http://www.ti.com/lit/an/snoa224a/snoa224a.pdf}
  }

@article{wf,
  title={WIENER FILTERS},
  author={Rafał Samborski, Mariusz Ziołko, Bartosz Zi ´ ołko, Jakub Gałka},
  journal={Wiener Filtration for Speech Extraction from the
Intentionally Corrupted Signals, Department of Electronics AGH University of Science and Technology},
  number={1699},
  pages={1698--1701},
  year={2010},
  publisher={Department of Electronics
AGH University of Science and Technology},
url = {http://dsp.agh.edu.pl/_media/pl:1698-bf-018449.pdf},
note = {ISBM 978-1-4244-6391}}
  
@article{http://iitg.vlab.co.in/?sub=59&brch=164&sim=613&cnt=2,  title={Voice/Unvoiced/Silence regions of Speech},
  author={Ratnajit Bhattacharjee},
  journal={Speech Signal Processing Laboratory},
  year={2011},
  publisher={http://iitg.vlab.co.in},
  url = {ttp://iitg.vlab.co.in/?sub=59&brch=164&sim=613&cnt=2},
  note = {[skatīts 2017.gada 17.aprīlī]}}

@article{noise1,
title={Silence Removal from Audio Signal Using
Framing and Windowing Method and Analyze
Various Parameter},
  author={Meribah Jasmine, S. Sandhya, K. Ravichandran, D. Balasubramaniam
},
  journal={International Journal of Innovative Research in Computer
and Communication Engineering},
  pages={6606--6613},
  year={ April 2016 },
  publisher={www.ijircce.com},
  url = {https://www.ijircce.com/upload/2016/april/46_SILENCE.pdf}}

@article{http://www.asha.org/policy/GL1988-00008.htm,  title={Determining Threshold Level for Speech},
  author={ ASHA },
  journal={Guidelines for Manual Pure Tone Threshold Audiometry},
  year={1978},
  publisher={American Speech-Language-Hearing Association},
  url = {http://www.asha.org/policy/GL1988-00008.htm},
  note = {[skatīts 2017.gada 29.aprīlī]}}

@article{Windowing,
title={Time Domain Processing},
  author={Steve Cassidy},
  journal={COMP449: Speech Recognition, Department of Computing, Macquarie University},
  volume={5},
  year={2002},
  publisher={Department of Computing, Macquarie University},
  url = {http://web.science.mq.edu.au/~cassidy/comp449/html/ch05.html},
  note = {[skatīts 2017.gada 28.aprīlī]}
  }
  
@article{http://practicalcryptography.com/miscellaneous/machine-learning/guide-mel-frequency-cepstral-coefficients-mfccs/,  title={Mel Frequency Cepstral Coefficient (MFCC) tutorial},
  author={James Lyons},
  publisher={http://practicalcryptography.com},
  url = {http://practicalcryptography.com/miscellaneous/machine-learning/guide-mel-frequency-cepstral-coefficients-mfccs/},
  note = {[skatīts 2017.gada 12.aprīlī]}}

@article{MFCC,
 title={12-2 MFCC},
  author={Roger Jang},
  journal={Audio Signal Processing and Recognition},
  publisher={http://mirlab.org},
  url = {http://mirlab.org/jang/books/audioSignalProcessing/speechFeatureMfcc.asp?title=12-2%20MFCC},
  note = {[skatīts 2017.gada 17.aprīlī]}}
  
@article{http://citeseerx.ist.psu.edu/viewdoc/download?doi=10.1.1.800.1305&rep=rep1&type=pdf,  title={Comparative Analysis of LPCC, MFCC and BFCC for the
Recognition of Hindi Words using Artificial Neural
Networks},
  author={Taabish Gulzar, Anand Singh, Sandeep Sharma},
  journal={International Journal of Computer Applications },
  volume={101},
  number={12},
  pages={0975 -- 8887},
  year={September 2014},
  publisher={Springer},
  url = {http://citeseerx.ist.psu.edu/viewdoc/download?doi=10.1.1.800.1305&rep=rep1&type=pdf}}
  
@article{https://pdfs.semanticscholar.org/0b44/265790c6008622c0c3de2aa1aea3ca2e7762.pdf,  title={Feature Extraction Methods LPC, PLP and MFCC
In Speech Recognition},
  author={Namrata Dave},
  journal={INTERNATIONAL JOURNAL FOR ADVANCE RESEARCH IN
ENGINEERING AND TECHNOLOGY, G H Patel College of Engineering, Gujarat Technology University, INDIA},
  volume={1},
  year={July 2013},
  publisher={www.ijaret.org },
  url = {https://pdfs.semanticscholar.org/0b44/265790c6008622c0c3de2aa1aea3ca2e7762.pdf}}

@article{http://www.icsi.berkeley.edu/pubs/techreports/tr-91-069.pdf,  title={RASTA_PLP SPEECH ANALYSIS},
  author={Hynek Hermansky, Nelson Morgan, Aruna Bayya, Phil Kohn},
  pages={1--6},
  year={December 1991},
  publisher={http://www.icsi.berkeley.edu},
  url = {http://www.icsi.berkeley.edu/pubs/techreports/tr-91-069.pdf}}
  
@article{eucl,  title={Speech Recognition Using Euclidean Distance},
  author={Akanksha Singh Thakur1
, Namrata Sahayam},
  journal={International Journal of Emerging Technology and Advanced Engineering},
  volume={3},
  year={March 2013},
  publisher={http://www.ijetae.com},
  url = {http://www.ijetae.com/files/Volume3Issue3/IJETAE_0313_101.pdf}}
  
@article{https://pdfs.semanticscholar.org/75d0/f2a4a2dff5cce4eb4097c2e68e1ff75ae569.pdf,  title={Similarity Search and Applications},
  author={ Laurent Amsaleg, Michael E. Houle, Erich Schubert},
  journal={9th International Conference, SISAP 2016},
  pages={1--339},
   volume={3},
   number={128},
  year={October 24-26, 2016},
  publisher={Springer International Publishing AG},
  url = {https://books.google.lv},
  note = {LNCS 9939}}
  
@article{knn,
 title={AUDIO SIGNAL CLASSIFICATION},
  author={Hariharan Subramanian},
  journal={M.Tech. Credit Seminar Report},
  pages={1--17},
  year={November 2004},
  publisher={www.ee.iitb.ac.in},url={https://www.ee.iitb.ac.in/~esgroup/es_mtech04_sem/es_sem04_paper_04307909.pdf}}

  
@article{http://users.ecs.soton.ac.uk/srg/publications/pdf/SVM.pdf,  title={Support Vector Machines
for
Classification and Regression},
  author={Steve R. Gunn},
  journal={Technical Report, UNIVERSITY OF SOUTHAMPTON},
  pages={1--53},
  year={10 May 1998},
  publisher={http://users.ecs.soton.ac.uk UNIVERSITY OF SOUTHAMPTON},
  url = {http://users.ecs.soton.ac.uk/srg/publications/pdf/SVM.pdf}}

@article{http://www.statsoft.com/Textbook/Support-Vector-Machines,  title={Support Vector Machines (SVM) Introductory Overview},
  author={Hill, T. and Lewicki, P.g},
  journal={Support Vector Machines (SVM)},
  year={2007},
  publisher={ Quest Software Inc.},
  url = {http://www.statsoft.com/Textbook/Support-Vector-Machines},
  note = {[skatits 2017.gada 31.martā]}}
  
@article{http://www.sciencedirect.com/science/article/pii/S0957417410011759,  title={Comparing machine learning classifiers in potential distribution modelling},
  author={Ana C. Lorena
, Luis F.O. Jacintho
, Marinez F. Siqueira
, Renato De Giovanni 
, Lúcia G. Lohmann 
, André C.P.L.F. de Carvalho 
, Missae Yamamoto },
  journal={Expert Systems with Applications},
  pages={ 5268–-5275},
  year={May 2011},
  publisher={http://ac.els-cdn.com},
  url = {{http://www.sciencedirect.com/science/article/pii/S0957417410011759}}
  
@article{https://underlingsosu.wordpress.com/2013/03/08/phonetics-phriday-fundamental-frequency-harmonics-and-formant-frequencies/,  title={Phonetics Phriday: Fundamental Frequency, Harmonics, and Formant Frequencies},
  author={Nichole Ashley},
  journal={PHONETICS},
  year={March 8, 2013},
  publisher={underlingsosu.wordpress.com The Ohio State University},
  url = {https://underlingsosu.wordpress.com/2013/03/08/phonetics-phriday-fundamental-frequency-harmonics-and-formant-frequencies/}}
  
@article{http://person2.sol.lu.se/SidneyWood/praate/whatform.html,  title={What are formants?},
  author={Sidney Wood},
  journal={Beginners guide to Praat},
  year={15 Jan 2005},
  publisher={1995-2005 Sidney Wood},
  url = {http://person2.sol.lu.se/SidneyWood/praate/whatform.html} }
  
@article{Harmonic,
  title={Fundamental frequency and harmonics},
  author={Karen Steffen Chung},
  journal={Introduction to Phonetics II},
  year={Spring 2011},
  publisher={http://homepage.ntu.edu.tw},
  url = {http://homepage.ntu.edu.tw/~karchung/phonetics%20II%20page%20eight.htm},
  note = {[skatīts 2017.gada 21. aprīlī]}}
  
@article{voice,
  title={Voice acoustics},
  author={The www center for search, research and free sharing in acoustics},
  year={22.08.2007},
  publisher={http://www.akutek.info},
  url = {http://www.akutek.info/research_files/voice_acoustics.htm},
  note = {[skatīts 2017.gada 28. martā]}}

@article{http://www.charlesames.net/pdf/JamesKirby/lecture12-hanoi-4up.pdf,
  title={Lecture 12: Phonetic analysis of vowels },
  author={James Kirby},
  journal={Lectures on Speech Acoustics},
  year={11/7/12},
  publisher={http://www.charlesames.net},
  url = {http://www.charlesames.net/pdf/JamesKirby/lecture12-hanoi-4up.pdf},
   note = {[skatīts 2017.gada 1. aprīlī]}}

@article{edist,
  title={Formants},
  author={Kevin Russell},
  journal={Phonetics - Acoustic phonetics},
  year={November 27, 2005},
  publisher={home.cc.umanitoba.ca},
  url = {https://home.cc.umanitoba.ca/~krussll/phonetics/acoustic/formants.html},
 note = {[skatīts 2017.gada 4. aprīlī]} }


@article{https://makarandtapaswi.wordpress.com/2009/08/30/time-and-frequency-formants-and-harmonics/,  title={Time and Frequency – Formants and Harmonics},
  author={Tony Perry},
  journal={ Audio Processing},
  year={August 30, 2009},
  publisher={makarandtapaswi.wordpress.com},
  url = {https://makarandtapaswi.wordpress.com/2009/08/30/time-and-frequency-formants-and-harmonics/}}

@article{WhiteNoise,
  title={White noise process},
  author={Nooruddin Sheik},
  pages={1--8},
  publisher={www.scribd.com},
  url = {https://www.scribd.com/document/189836299/NPT38-WN},
  note = {[skatīts 2017.gada 21. aprīlī]}
  }

@article{http://www.nosleeplessnights.com/what-is-white-noise-whats-all-the-fuss-about/,  title={What Is White Noise and What’s All The Fuss About?},
  author={Ethan Green},
  year={March 24, 2016},
  publisher={http://www.nosleeplessnights.com},
  url = {http://www.nosleeplessnights.com/what-is-white-noise-whats-all-the-fuss-about/}}


@article{properties,
 title={Data and Signals},
 author = {Mznah Al-Rodhaan},
  journal={Based on Data Communications and Networking Fourth Edition, The McGraw-Hill Companies, Inc.},
  year = {2007},
  publisher={The McGraw-Hill Companies, Inc.},
  url = {faculty.ksu.edu.sa/Al-Rodhaan/CAP%20240/chapter3-part1.pdf},
  note = {[skatīts 2017.gada 12. aprīlī]}}

@article{domains,
 title={A “Math-free” Primer on Digital Signal Processing},
  author={KIERAN COGHLAN},
  journal={Up-sampling, Aliasing, Filtering and Ringing; a Clarification of Terminology},
  year={MAY 13, 2015},
  publisher={http://hometheaterhifi.com},
  url = {http://hometheaterhifi.com/technical/technical-reviews/up-sampling-aliasing-filtering-ringing-a-clarification-of-terminology/}}

@article{matlab,
 title={Matlab},
  journal={MathWorks, The MathWorks, Inc.},
  publisher={The MathWorks, Inc.},
  url = {https://se.mathworks.com/products/matlab.html}}

@article{dtw1,
 title={Standard DTW},
  journal={Dynamic Time Warping (DTW)},
  year={2011},
  publisher={mlpy Developers},
  url = {http://mlpy.sourceforge.net/docs/3.4/dtw.html},
  note = {[skatīts 2017.gada 8.aprīlī]}}

@article{dtw2,
title={Symmetrical DTW Algorithm},
  author={Stuart N Wrigley},
  journal={Speech Recognition by Dynamic Time Warping, The University of Sheffield},
  publisher={The University of Sheffield},
  url = {http://staffwww.dcs.shef.ac.uk/people/S.Wrigley/com326/sym.html},
  note = {[skatīts 2017.gada 11.aprīlī]}}
  
@article{dtw3,
  author={D Zhen and H L Zhao and F Gu and A D Ball},
  title={Phase-compensation-based dynamic time warping for fault diagnosis using the motor current signal},
  journal={Measurement Science and Technology},
  volume={23},
  number={5},
  pages={055601},
  url={http://stacks.iop.org/0957-0233/23/i=5/a=055601},
  year={29 March 2012}
  }  
  

@article{dtw4,
 title={Removing Noise from Signals},
  author={Nitin Mehta},
  journal={Analysis and Simulation of Filters: Low Pass Filter},
  year={October 21, 2006},
  publisher={http://www.engineers-excel.com},
  url = {http://www.engineers-excel.com/Apps/Filters/Filter.htm},
  note = {[skatīts 2017.gada 9.aprīlī]}
  }  
  
@article{dtw6,
 title={Audio Filters},
  author={Betty Lise Anderson},
  publisher={http://www2.ece.ohio-state.edu},
  url = {http://www2.ece.ohio-state.edu/~anderson/Outreachfiles/AudioEqualizerPresentation.pdf},
  note = {[skatīts 2017.gada 14.aprīlī]}}
  
@article{dtw8, title={Methodology},
  author={Keshav Bashyal},
  journal = {TEXT-INDEPENDENT SPEAKER RECOGNITION SYSTEM},
  volume={3},
  number={12},
  year={Jan 22, 2015},
  publisher={www.slideshare.net},
  url = {https://www.slideshare.net/keshavbashyal7/final-presentation-43784305}}
  
@article{dtw9,
 title={Speech Signal Analysis},
  author={Hiroshi Shimodaira and Steve Renals},
  journal={Automatic Speech Recognition— ASR Lectures 2 and 3},
  year={17/24 January 2013},
  publisher={www.inf.ed.ac.uk},
  url = {https://www.inf.ed.ac.uk/teaching/courses/asr/2012-13/asr02-signal-4up.pdf}}
  
@article{dtw10,
 title={Harmonic},
  author={C.Chris Peters},
  year={2010},
  publisher={http://www.cchrispeters.com}, url = {http://www.cchrispeters.com/SynthesisTerms/Harmonic.htm},
  note = {[skatīts 2017.gada 23.aprīlī]}}
  
@article{dtw12,
 title={Mel Frequency Cepstral Coefficients for Music Modeling},
  author={Beth Logan},
  pages={1--11},
  journal = {Cambridge Research Laboratory Compaq Computer Corporation One Cambridge Center},
  publisher= Cambridge Research Laboratory Compaq Computer Corporation One Cambridge Center},
  url = {ftp://gatekeeper.dec.com/pub/dec/CRL/publications/logan/musicir_paper.pdf},
  note = {[skatīts 2017.gada 17.aprīlī]}}
  
@article{dtw13,
title={Comparison between ERB, Mel and Bark scale},
  author={Giampiero Salvi},
  journal={Auditory Scales},
  publisher={www.speech.kth.se},
  url = {https://www.speech.kth.se/~giampi/auditoryscales/},
  note = {[skatīts 2017.gada 7.aprīlī]}}
  
@article{dtw14, title={Classification with Decision Tree Induction},
  author={ZDr. Ioan Raicu},
  pages={1--17},
  year={Fall 2010},
  publisher={http://www.cs.iit.edu},
  url = {http://www.cs.iit.edu/~iraicu/teaching/CS595-F10/DM-DecisionTree.pdf},
  note = {[skatīts 2017.gada 19.aprīlī]}
  }
  
@article{dtw15,
 title={Classification and Decision Trees},
  author={Guy Wolf},
  journal={Introduction to Data Mining},
  pages={1--27},
  year={Fall 2016},
  publisher={http://users.math.yale.edu},
  url = {http://users.math.yale.edu/users/gw289/CpSc-445-545/Slides/CPSC445%20-%20Topic%2005%20-%20Classification%20&%20Decision%20Trees.pdf}}
  
@article{neirons,
 title={NEURAL NETWORK CLASSIFICATION},
  author={Frontline Systems},
  publisher={Frontline Systems, Inc. Frontline Systems},
  url = {http://www.solver.com/xlminer/help/neural-networks-classification-intro},
  note = {[skatīts 2017.gada 1.aprīlī]}}
  
@article{layers,
 title={Using a Neural Network to Model the S and P 500},
  author={Tad Slaff},
  year={08/06/2014 },
  publisher={inovancetech.com},
  url = {https://inovancetech.com/ann.html},
  note = {[skatīts 2017.gada 1.aprīlī]}}
  
@article{dtw18,
 title={Introducing Neural Networks},
  author={Giancarlo Zaccone},
  journal={Getting Started
With TensorFlow, Packt Publishing Ltd.},
  volume={4},
  number={95},
  pages={1--164},
  year={July 2016},
  publisher={Packt Publishing Ltd.}}
  
@article{dtw17,
 title={A MATLAB Toolbox for Auditory Modeling Work},
  author={Malcolm Slaney},
  journal={Auditory Toolbox Version 2},
  pages={1--52},
  year={1998-010},
  publisher={engineering.purdue.edu},
  url = {https://engineering.purdue.edu/~malcolm/interval/1998-010/AuditoryToolboxTechReport.pdf}}
  

@article{dtw19,
 title={Convolutional Neural Networks for Visual Recognition},
  author={Yoshua Bengio Yann LeCun Leon Bottou},
  journal={ Stanford CS class CS231n},
  publisher={cs231n.github.io},
  url = {http://cs231n.github.io/convolutional-networks/},
  note = {[skatīts 2017.gada 28.martā]}}
  
@article{dtw20, 
  title={Overfitting and Underfitting With Machine Learning Algorithms},
  author={Jason Brownlee},
  journal={Machine Learning Algorithms},
  year={ March 21, 2016 },
  publisher={http://machinelearningmastery.com},
  url = {http://machinelearningmastery.com/overfitting-and-underfitting-with-machine-learning-algorithms/}}
  
@article{dtw21, 
 title={Lecture 1-10: Spectrograms },
  journal={Acoustics of Speech and Hearing},
  year={2003},
  url={http://www.phon.ucl.ac.uk/courses/spsci/acoustics/week1-10.pdf},
   note = {[skatīts 2017.gada 5.aprīlī]}
  }
  
@article{dtw22,
 title={Spectrogram using short-time Fourier transform},
  journal={spectrogram},
  publisher={se.mathworks.com},
  url = {https://se.mathworks.com/help/signal/ref/spectrogram.html},
  note = {[skatīts 2017.gada 5.aprīlī]}}
   
  
  @article{dtw23,
title = "Single Channel Speech Enhancement: Using Wiener Filtering with Recursive Noise Estimation",
journal = "Procedia Computer Science",
volume = "84",
number = "",
pages = "22 - 30",
year = "2016",
note = "",
issn = "1877-0509",
doi = "http://dx.doi.org/10.1016/j.procs.2016.04.061",
url = "http://www.sciencedirect.com/science/article/pii/S1877050916300758",
author = "Navneet Upadhyay and Rahul Kumar Jaiswal",
keywords = "speech enhancement",
keywords = "Wiener filter",
keywords = "noise classification",
keywords = "recursive noise estimation approach"
}
  

@article{dtw24, 
  title={detectVoiced.m},
  author={Theodoros Giannakopoulos},
  year={ 18 Mar 2014},
  journal = {The MathWorks, Inc.},
  publisher={ The MathWorks, Inc.},
  url = {https://se.mathworks.com/matlabcentral/fileexchange/28826-silence-removal-in-speech-signals?focused=3812833&tab=function}}

@article{dtw25, 
  title={ Discrete Cosine Transform},
  journal={DSP and Digital Filters},
  pages={1--95},
  year={2016},
  publisher={http://www.ee.ic.ac.uk},
  url = {http://www.ee.ic.ac.uk/hp/staff/dmb/courses/DSPDF/00300_Transforms.pdf}}
  
@article{dtw26,
  title={POWER SPECTRUM AND CORRELATION},
  author={Saeed V. Vaseghi},
  journal={Advanced Digital Signal Processing and Noise Reduction, Second Edition, John Wiley & Sons Ltd},
  year={2000},
  publisher={John Wiley and Sons Ltd},
  url = {http://dsp-book.narod.ru/302.pdf},
   note = {ISBNs: 0-471-62692-9}}
  

  
@article{dtw30,
  title={Logopēda darbs skolā},
  publisher={Ventspils Centra pamatskola},
  url = {http://centrasakumskola.ventspils.lv/par-mums/skolas-atbalsta-personals/lopgopeds/},
  note = {[skatīts 2017.gada 2. maijā]} }
  
@article{dtw31,
  title={Automatic speech recognition (ASR) and its use as a tool for assessment or therapy of voice, speech, and language disorders.},
  author={Kitzing, P., Maier, A. and Åhlander, V.L.},
  journal={Logopedics Phoniatrics Vocology},
  volume={34},
  number={2},
  pages={91-96},
  year={2009}}
  
@article{dtw32,
  title={SPREEKPAD: Audiovisual Technology for Pronunciation Training.},
  author={Ilse Ravyse, Ping Fan, Hichem Sahli, Dongmei Jiang, Werner Verhelst},
  year = {September 24 -26, 2007},
  journal = {Vrije Universiteit Brussel (VUB), Department Electronics and Informatics, Research group on
Audiovisual Signal Processing },
  url = {http://www.icl-conference.org/dl/proceedings/2008/finalpaper/Contribution208_a.pdf}}
  
@article{dtw33,
  title={Acoustic Voice Analysis Using the Praat programme: Comparative Study With the Dr. Speech Programme.},
  author={Batalla, F.N., Márquez, R.G., González, M.B.P., Laborda, I.G., Fernández, M.F. and Galán, M.M.},
  journal={Acta Otorrinolaringologica (English Edition), Springer},
  volume={65},
  number={3},
  pages={170-176},
  year={2014},
  publisher={Springer}}
  
@article{dtw34,
  title={etecting laterality and nasality in speech with the use of a multi-channel recorder.},
  author={Król, D., Lorenc, A. and Świcęiński, R.},
  journal={In 2015 IEEE International Conference on Acoustics, Speech and Signal Processing (ICASSP), IEEE},
  volume={16},
  number={6},
  pages={5147-5151},
  year={2015, April},
  publisher={IEEE}}
  
@article{dtw35,
  title={logopedics },
  journal={Miller-Keane Encyclopedia and Dictionary of Medicine, Nursing, and Allied Health, Seventh Edition, Saunders, an imprint of Elsevier, Inc.},
  year={2003},
  publisher={Saunders, an imprint of Elsevier, Inc.}}
  
@article{dtw36,
  title={Hamming window},
  journal={hamming, The MathWorks, Inc.},
  publisher={The MathWorks, Inc.},
  url = {https://se.mathworks.com/help/signal/ref/hamming.html},
  note = {[skatīts 2017.gada 25. aprīlī]}}
  
@article{dtw37,
  title={Add white Gaussian noise to signal},
  journal={awgn, The MathWorks, Inc.},
  publisher={The MathWorks, Inc.},
  url = {https://se.mathworks.com/help/comm/ref/awgn.html},
  note = {[skatīts 2017.gada 25. aprīlī]}
  
@article{dtw38,
  title={AuditoryToolbox},
  year={ Nov 11, 2014},
  journal={GitHub, Inc.},
  url = {https://github.com/bootphon/features_extraction/tree/master/AuditoryToolbox},
  note = {[skatīts 2017.gada 26. aprīlī]}
  
@article{dtw39,
  title={matlab_speech_features},
  author={James Lyons},
  year={Dec 11, 2014},
  journal={GitHub, Inc.},
  url = {https://github.com/jameslyons/matlab_speech_features},
  note = {[skatīts 2017.gada 3. aprīlī]}
  
@article{dtw40,
  title={Using the Neural Network Pattern Recognition Tool},
  journal={Classify Patterns with a Neural Network, The MathWorks, Inc.},
  publisher={The MathWorks, Inc.},
  url = {https://se.mathworks.com/help/nnet/gs/classify-patterns-with-a-neural-network.html},
  note = {[skatīts 2017.gada 26. aprīlī]}
  
@article{dtw41,
  title={PLP and RASTA (and MFCC, and inversion) in Matlab
using melfcc.m and invmelfcc.m},
  author={Dan Ellis},
  journal={Matlab Audio Processing Examples},
  year={2012/09/03 },
  publisher={http://www.ee.columbia.edu},
  url = {http://www.ee.columbia.edu/ln/rosa/matlab/rastamat/}}
  
@article{dtw42,
  title={Fit k-nearest neighbor classifier},
  journal={fitcknn},
  publisher={The MathWorks, Inc.},
  url = {https://se.mathworks.com/help/stats/fitcknn.html},
  note = {[skatīts 2017.gada 19.aprīlī]}}
  
@article{dtw43,
  title={Fit binary classification decision tree for multiclass classification},
  journal={fitctree},
  publisher={The MathWorks, Inc.},
   url = {https://se.mathworks.com/help/stats/fitctree.html},
  note = {[skatīts 2017.gada 19.aprīlī]}}
  
@article{dtw44,
  title={Fit multiclass models for support vector machines or other classifiers},
  journal={fitceco},
  publisher={The MathWorks, Inc.},
   url = {https://se.mathworks.com/help/stats/fitcecoc.html},
  note = {[skatīts 2017.gada 19.aprīlī]}}
  
@article{wiki,
  title={Additive white Gaussian noise},
  url = {https://en.wikipedia.org/wiki/Additive_white_Gaussian_noise},
      year ={Wikimedia Foundation Inc. 20 May 2017},
  note = {[skatīts 2017.gada 20. aprīlī]}}
  
@article{dtw45,
title={Comparison of different implementations of MFCC},
  author={Todd Veldhuizen },
  journal={LOCAL_COPIES/VELDHUIZEN},
  volume={15},
  year={Fri Jan 16 15:16:31 EST 1998},
  publisher={http://homepages.inf.ed.ac.uk},
  url = {http://homepages.inf.ed.ac.uk/rbf/CVonline/LOCAL_COPIES/VELDHUIZEN/node15.html}
}

@article{dtw46,
title={TUTORIAL 1 - Basic concepts in signal processing},
  journal={SIGNAL PROCESSING AND SIMULATION NEWSLETTER},
  year={1/25/2008 3:27 AM},
  publisher={http://www.ece.iit.edu},
  url = {http://www.ece.iit.edu/~biitcomm/research/references/Other/Tutorials%20in%20Communications%20Engineering/TUTORIAL%201%20-%20Basic%20concepts%20in%20signal%20processing.pdf}
}

@article{dtw47, 
title={Human classification using Gait Features},
  author={Virginio Cantoni, Dimo Dimov, Massimo Tistarelli},
  journal={Biometric Authentication:First International Workshop, Springer},
  volume={3},
  number={21},
  pages={1--265},
  year={23 - 24 June, 2014},
  publisher={Springer},
  url = {https://books.google.lv},
  note = {LNCS 8897}
}

@article{dtw48,
title={Window function},
  note={[skatīts 2017. gada 13. maijā]},
  publisher={en.wikipedia.org},
  url = {https://en.wikipedia.org/wiki/Window_function}
  }

@article{dtw49, 
title={Week 7  Module 3.6 Describing Vowel Sounds},
  author={Professor Pat Kamalani Hurley},
  journal={Ling 102 Introduction to the Study of Language 
Leeward Community College - University of Hawai'i},
  note={[skatīts 5/17/2017]},
  publisher={http://www2.leeward.hawaii.edu},
  url = {http://www2.leeward.hawaii.edu/hurley/ling102web/mod3_speaking/3mod3.6_vowels.htm}}

@article{dtw50, 
title={VOWEL BACKNESS, VOWEL HEIGHT},
  author={KARYN O'CONNOR},
  journal={VOWELS, VOWEL FORMANTS AND VOWEL MODIFICATION },
  year={5.17.2017 - 1.33 a.m.},
  publisher={http://www.singwise.com},
  url = {http://www.singwise.com/cgi-bin/main.pl?doc=VowelsFormantsAndModifications&section=articles},
  note = {[skatīts 2017.gada 15.aprīlī]}}
  
  @article{http://acousticslab.org/psychoacoustics/PMFiles/Module04.htm, 
title={Loudness
Introduction},
  author={Pantelis N. Vassilakis},
  journal={Psychoacoustics
MODULE 4 Perceptual attributes of acoustic waves },
 volume={6},
  pages={112--131},
  year={2005},
  publisher={http://acousticslab.org},
  url = {http://acousticslab.org/psychoacoustics/PMFiles/Module04.htm}
  }
  
    @article{http://www.ijser.in/archives/v4i5/IJSER15783.pdf, 
title={Comparative Analysis of MFCC, LFCC,
RASTA -PLP},
  author={P. Prithvi and Dr. T. Kishore Kumar},
  journal={International Journal of Scientific Engineering and Research (IJSER)},
 volume={5},
 number={5},
  pages={1--7},
  year={May 2016 },
  publisher={http://www.ijser.in},
  url = {http://www.ijser.in/archives/v4i5/IJSER15783.pdf}
  }
  
      @article{H1, 
title={RASTA processing of speech},
  author={H. Hermansky and N. Morgan},
  journal={EEE Trans. on Speech and Audio Proc.},
 volume={2},
 number={4},
  pages={578--589},
  year={October 1994},
  }
  
      @article{H2, 
title={Perceptual linear predictive (PLP) analysis of speech},
  author={H. Hermansky},
  journal={J. Acoust. Soc. Am.},
 volume={87},
 number={4},
  pages={1738--1752},
  year={April 1990},
  }
  
  @article{https://ccrma.stanford.edu/courses/120-fall-2003/lecture-5.html, 
title={Moving up in dimensional space, or, the world beyond pitch?},
  author={Paul Carter},
  journal={Sonification seminar},
  year={10/9/03},
  publisher={ccrma.stanford.edu},
  url = {https://ccrma.stanford.edu/courses/120-fall-2003/lecture-5.html}
  }
  
  @article{dtw50,
  title={Perceptual Linear Prediction},
  author={Tony Robinson},
  journal={Speech Analysis},
 volume={7},
 number={47},
  pages={1--61},
  year={1998},
  publisher={citeseerx.ist.psu.edu},
  url = {http://citeseerx.ist.psu.edu/viewdoc/download?doi=10.1.1.57.325&rep=rep1&type=pdf}
}


@article{diskrete,
  title={The DFT},
  author={Stephen Roberts},
  journal={Lecture 7 - The Discrete Fourier
Transform},
 volume={1},
 number={82},
  pages={82--96},
  note={[skatīts 2017.gada 27. aprīlī]},
  publisher={http://www.robots.ox.ac.uk},
  url = {http://www.robots.ox.ac.uk/~sjrob/Teaching/SP/l7.pdf}
}

@article{points,
  title={Point-Spread Functions and Convolutions},
  author = {Chema Guerra},
  journal = {WordPress},
  year={July 17, 2014},
  url={http://chemaguerra.com/point-spread-functions-convolutions/}
}

@article{allpole,
  title={All-Pole Approximations},
  author={Dimopoulos, H.G.},
  journal={Analog Electinic Filters Theory, Design and Synthesis},
 volume={2},
 number={33},
  pages={31--87},
  year={2012},
  publisher={Springer},
  url = {http://www.springer.com/cda/content/document/cda_downloaddocument/9789400721890-c2.pdf?SGWID=0-0-45-1198340-p174133380},
  note = {ISBN 978-94-007-2189-0}
}

@article{fft,
  title={Early Applications in Mechanics and Acoustics},
  author={B. Randall},
  journal={A History of Cepstrum Analysis and its
Application to Mechanical Problems},
 volume={3},
 number={4},
  pages={1--16},
  note ={[skatīts 2017-04-12]},
  url={https://surveillance7.sciencesconf.org/conference/surveillance7/01_a_history_of_cepstrum_analysis_and_its_application_to_mechanical_problems.pdf}
}
@article{lpcc,
  title={LPC Cepstrum},
  author={Mark Hasegawa-Johnson},
  journal={Lecture Notes in Speech Production, Speech Coding, and Speech
Recognition},
 volume={5},
 number={86},
  pages={83--96},
  year={February 17, 2000},
  url={http://www.ifp.illinois.edu/~hasegawa/notes/chap5.pdf}
}

@article{pre-emphasis,
  title={A tutorial of text-indepent speaker verification},
  author={T. Merlin, J. Ortega-Garcia, D. Petrovska, D.A. Reynolds},
  journal={Lecture Notes in Speech Production, Speech Coding, and Speech
Recognition},
 volume={4},
  pages={430--415},
  year={2004}
}
@article{emphasis,
  title={A tutorial of text-indepent speaker verification},
  author={T. Merlin, J. Ortega-Garcia, D. Petrovska, D.A. Reynolds},
  journal={Lecture Notes in Speech Production, Speech Coding, and Speech
Recognition},
 volume={4},
  pages={430--415},
  year={2004}
}

@article{adv,
  title={Advantage of Digital Over Analog Signal Processing},
  url={http://digital-signal-process.blogspot.com/2011/01/advantage-of-digital-over-analog-signal.html},
note = {[skatīts 2017.gada 12. maijā]}
}

@article{nature,
  title={Communication Systems/Analog vs. Digital},
  year={4 April 2017, at 08:00.},
  url = {https://en.wikibooks.org/wiki/Communication_Systems/Analog_vs._Digital}
}

@article{dtw52,
  title={7.3 The Effect of Undersampling：Aliasing},
  author = {wangluokecheng},
  note ={[skatīts 2017.gada 14.maijā]},
  url = {http://jpkc.gnnu.cn/jpkc/Signal/wangluokecheng/Content/7.3%20The%20Effect%20of%20Undersampling%EF%BC%9AAliasing.htm}
}


@article{pftdft,
  title={Optical transfer function},
  year={10 May 2017, at 04:27},
  url = {https://en.wikipedia.org/wiki/Optical_transfer_function}
}

@article{energy,
  title={Signal Energy and Power },
 volume={12},
  pages={1--6},
  note={skatīts 2017.gada 13. maijā},
  url = {https://matel.p.lodz.pl/wee/i12zet/Signal%20energy%20and%20power.pdf}
}

@article{zerocross,
  title={Zero-crossing rate},
  year={2 November 2016, at 19:42},
  url = {https://en.wikipedia.org/wiki/Zero-crossing_rate}
}
@article{https://www.lifewire.com/signal-to-noise-ratio-3134701,
author = {Gary Altunian},
year = {October 13, 2016},
title = {What Is Signal-to-Noise Ratio?},
url = {https://www.lifewire.com/signal-to-noise-ratio-3134701},
note = {[skatīts 2017.gada 3, maijā]}}

@article{stackOverflow,
title = {What are the advantages of ReLU over sigmoid function in deep neural networks?},
url = {https://stats.stackexchange.com/questions/126238/what-are-the-advantages-of-relu-over-sigmoid-function-in-deep-neural-networks},
note = {[skatīts 2017.gada 5, maijā]}
}